
@online{noauthor_latex_nodate,
        author = {Wilson},
	title = {{LaTeX} Templates - Wilson Resume/{CV}},
	url = {https://www.latextemplates.com/template/wilson-resume-cv},
	urldate = {2025-07-01},
	file = {LaTeX Templates - Wilson Resume/CV:/Users/tushar/Zotero/storage/L8YM4TV8/wilson-resume-cv.html:text/html},
}

@video{alexander_baran-harper_latex_2014,
        author = {Trefor},
	title = {Latex Tutorial 0 of 11: Introduction, Preface},
	url = {https://www.youtube.com/watch?v=FXujG7c9p8g},
	shorttitle = {Latex Tutorial 0 of 11},
	abstract = {Why use Latex? This video is the introduction for my set of eleven tutorials on putting together a report in Latex. 

When I first started using Latex I found the learning curve to be really steep. After mucking around on the internet, I found the best way to learn wa},
	author = {{Alexander Baran-Harper}},
	urldate = {2025-07-03},
	date = {2014-07-03},
}

@online{noauthor_38_nodate,
        author = {Alexander},
	title = {(38) How to write a thesis using {LaTeX} **full tutorial** - {YouTube}},
	url = {https://www.youtube.com/watch?v=zqQM66uAig0},
	urldate = {2025-07-03},
	file = {(38) How to write a thesis using LaTeX **full tutorial** - YouTube:/Users/tushar/Zotero/storage/7WXGPSFV/watch.html:text/html},
}
